<?xml version="1.0" encoding="UTF-8"?><record xmlns="http://www.loc.gov/MARC21/slim" xmlns:cinclude="http://apache.org/cocoon/include/1.0" xmlns:zs="http://www.loc.gov/zing/srw/">
  <leader>00413nz  a2200133n  4500</leader>
  <controlfield tag="001">nr 99001863 </controlfield>
  <controlfield tag="003">DLC</controlfield>
  <controlfield tag="005">19990122051015.1</controlfield>
  <controlfield tag="008">990119n| acannaab|          |a aac     c</controlfield>
  <datafield tag="010" ind1=" " ind2=" ">
    <subfield code="a">nr 99001863 </subfield>
  </datafield>
  <datafield tag="040" ind1=" " ind2=" ">
    <subfield code="a">NIC</subfield>
    <subfield code="c">NIC</subfield>
  </datafield>
  <datafield tag="100" ind1="0" ind2="0">
    <subfield code="a">Salinlā Čhankhačhō̜n</subfield>
  </datafield>
  <datafield tag="400" ind1="1" ind2="0">
    <subfield code="a">Čhankhačhō̜n, Salinlā</subfield>
  </datafield>
  <datafield tag="670" ind1=" " ind2=" ">
    <subfield code="a">Tonthun kānchai sapphayākō̜n phāinai prathēt, 1998:</subfield>
    <subfield code="b">t.p. (Salinlā Čhankhačhō̜n)</subfield>
  </datafield>
</record>